@inproceedings{cavuoti2022adversarial,
  title={Adversarial Takeover of Neural Cellular Automata},
  author={Cavuoti, Lorenzo and Sacco, Francesco and Randazzo, Ettore and Levin, Michael},
  booktitle={ALIFE 2022: The 2022 Conference on Artificial Life},
  year={2022},
  organization={MIT Press},
  link={https://letteraunica.github.io/neural_cellular_automata/}
}
@article{tong2017statistical,
  title={Statistical field theory},
  author={Tong, David},
  journal={Lecture Notes},
  year={2017}
}
@book{kardar2007statistical,
  title={Statistical physics of fields},
  author={Kardar, Mehran},
  year={2007},
  publisher={Cambridge University Press}
}
